@incollection{Cimiano2009OntLearn,
  author    = {Philipp Cimiano and
               Alexander M{\"{a}}dche and
               Steffen Staab and
               Johanna V{\"{o}}lker},
  title     = {Ontology Learning},
  booktitle = {Handbook on Ontologies},
  pages     = {245--267},
  year      = {2009},
  crossref  = {StaabStuder2009Onts},
  url       = {http://dx.doi.org/10.1007/978-3-540-92673-3_11},
  doi       = {10.1007/978-3-540-92673-3_11},
  timestamp = {Thu, 19 Mar 2015 13:21:48 +0100},
  biburl    = {http://dblp.uni-trier.de/rec/bib/series/ihis/CimianoMSV09},
  bibsource = {dblp computer science bibliography, http://dblp.org}
}

@incollection{Guarino2009WhatOnt,
  author    = {Nicola Guarino and
               Daniel Oberle and
               Steffen Staab},
  title     = {What Is an Ontology?},
  booktitle = {Handbook on Ontologies},
  pages     = {1--17},
  year      = {2009},
  crossref  = {StaabStuder2009Onts},
  url       = {http://dx.doi.org/10.1007/978-3-540-92673-3_0},
  doi       = {10.1007/978-3-540-92673-3_0},
  timestamp = {Thu, 19 Mar 2015 13:21:48 +0100},
  biburl    = {http://dblp.uni-trier.de/rec/bib/series/ihis/GuarinoOS09},
  bibsource = {dblp computer science bibliography, http://dblp.org}
}

% crossref for Cimiano2009OntLearn and Guarino2009WhatOnt
@proceedings{StaabStuder2009Onts,
  editor    = {Steffen Staab and
               Rudi Studer},
  title     = {Handbook on Ontologies},
  series    = {International Handbooks on Information Systems},
  publisher = {Springer},
  year      = {2009},
  url       = {http://dx.doi.org/10.1007/978-3-540-92673-3},
  doi       = {10.1007/978-3-540-92673-3},
  isbn      = {978-3-540-70999-2},
  timestamp = {Thu, 19 Mar 2015 13:16:44 +0100},
  biburl    = {http://dblp.uni-trier.de/rec/bib/series/ihis/2009hoo},
  bibsource = {dblp computer science bibliography, http://dblp.org}
}

@article{Wong2012OntSurvey,
  author    = {Wilson Wong and
               Wei Liu and
               Mohammed Bennamoun},
  title     = {Ontology Learning from Text: {A} Look Back and into the Future},
  journal   = {{ACM} Computing Surveys},
  volume    = {44},
  number    = {4},
  pages     = {20},
  year      = {2012},
  url       = {http://doi.acm.org/10.1145/2333112.2333115},
  doi       = {10.1145/2333112.2333115},
  timestamp = {Thu, 13 Sep 2012 18:41:26 +0200},
  biburl    = {http://dblp.uni-trier.de/rec/bib/journals/csur/WongLB12},
  bibsource = {dblp computer science bibliography, http://dblp.org}
}

@inproceedings{Mikolov2013LinReg,
  author    = {Tom{\'{a}}{\v{s}} Mikolov and
               Wen{-}tau Yih and
               Geoffrey Zweig},
  title     = {Linguistic Regularities in Continuous Space Word Representations},
  booktitle = {Human Language Technologies: Conference of the North American Chapter
               of the Association of Computational Linguistics},
  pages     = {746--751},
  year      = {2013},
  crossref  = {DBLP:conf/naacl/2013},
  url       = {http://aclweb.org/anthology/N/N13/N13-1090.pdf},
  timestamp = {Fri, 21 Feb 2014 14:03:41 +0100},
  biburl    = {http://dblp.uni-trier.de/rec/bib/conf/naacl/MikolovYZ13},
  bibsource = {dblp computer science bibliography, http://dblp.org}
}

% crossref for Mikolov2013LinReg
@proceedings{DBLP:conf/naacl/2013,
  editor    = {Lucy Vanderwende and
               Hal Daum{\'{e}} III and
               Katrin Kirchhoff},
  title     = {Human Language Technologies: Conference of the North American Chapter
               of the Association of Computational Linguistics},
  publisher = {ACL},
  month     = {June},
  year      = {2013},
  timestamp = {Fri, 21 Feb 2014 14:03:41 +0100},
  address   = {Atlanta, Georgia, USA},
  biburl    = {http://dblp.uni-trier.de/rec/bib/conf/naacl/2013},
  bibsource = {dblp computer science bibliography, http://dblp.org}
}

@article{Mikolov2013WordVec,
  author    = {Tom{\'{a}}{\v{s}} Mikolov and
               Kai Chen and
               Greg Corrado and
               Jeffrey Dean},
  title     = {Efficient Estimation of Word Representations in Vector Space},
  journal   = {Computing Research Repository},
  volume    = {abs/1301.3781},
  year      = {2013},
  url       = {http://arxiv.org/abs/1301.3781},
  timestamp = {Thu, 07 May 2015 20:02:01 +0200},
  biburl    = {http://dblp.uni-trier.de/rec/bib/journals/corr/abs-1301-3781},
  bibsource = {dblp computer science bibliography, http://dblp.org}
}

@inproceedings{Mikolov2013DistRep,
  author    = {Tom{\'{a}}{\v{s}} Mikolov and
               Ilya Sutskever and
               Kai Chen and
               Gregory S. Corrado and
               Jeffrey Dean},
  title     = {Distributed Representations of Words and Phrases and their Compositionality},
  booktitle = {Advances in Neural Information Processing Systems 26: 27th Annual
               Conference on Neural Information Processing Systems 2013},
  pages     = {3111--3119},
  year      = {2013},
  crossref  = {DBLP:conf/nips/2013},
  url       = {http://papers.nips.cc/paper/5021-distributed-representations-of-words-and-phrases-and-their-compositionality},
  timestamp = {Thu, 07 May 2015 20:02:01 +0200},
  biburl    = {http://dblp.uni-trier.de/rec/bib/conf/nips/MikolovSCCD13},
  bibsource = {dblp computer science bibliography, http://dblp.org}
}

% crossref for Mikolov2013DistRep
@proceedings{DBLP:conf/nips/2013,
  editor    = {Christopher J. C. Burges and
               L{\'{e}}on Bottou and
               Zoubin Ghahramani and
               Kilian Q. Weinberger},
  title     = {Advances in Neural Information Processing Systems 26: 27th Annual
               Conference on Neural Information Processing Systems 2013},
  month     = {December},
  year      = {2013},
  url       = {http://papers.nips.cc/book/advances-in-neural-information-processing-systems-26-2013},
  timestamp = {Fri, 31 Jan 2014 12:11:40 +0100},
  address   = {Lake Tahoe, Nevada, USA},
  biburl    = {http://dblp.uni-trier.de/rec/bib/conf/nips/2013},
  bibsource = {dblp computer science bibliography, http://dblp.org}
}

@inproceedings{Fu2014SemHier,
  author    = {Ruiji Fu and
               Jiang Guo and
               Bing Qin and
               Wanxiang Che and
               Haifeng Wang and
               Ting Liu},
  title     = {Learning Semantic Hierarchies via Word Embeddings},
  booktitle = {Proceedings of the 52nd Annual Meeting of the Association for Computational
               Linguistics},
  pages     = {1199--1209},
  year      = {2014},
  crossref  = {DBLP:conf/acl/2014-1},
  url       = {http://aclweb.org/anthology/P/P14/P14-1113.pdf},
  timestamp = {Mon, 28 Jul 2014 19:09:09 +0200},
  biburl    = {http://dblp.uni-trier.de/rec/bib/conf/acl/FuGQCWL14},
  bibsource = {dblp computer science bibliography, http://dblp.org}
}

% crossref for Fu2014SemHier
@proceedings{DBLP:conf/acl/2014-1,
  title     = {Proceedings of the 52nd Annual Meeting of the Association for Computational
               Linguistics},
  publisher = {ACL},
  month     = {June},
  year      = {2014},
  url       = {http://aclweb.org/anthology/P/P14/},
  isbn      = {978-1-937284-72-5},
  timestamp = {Sun, 20 Jul 2014 17:20:53 +0200},
  address   = {Baltimore, Maryland, USA},
  volume    = {1: Long Papers},
  biburl    = {http://dblp.uni-trier.de/rec/bib/conf/acl/2014-1},
  bibsource = {dblp computer science bibliography, http://dblp.org}
}

@article{GoldbergLevy2014word2vecExp,
  author    = {Yoav Goldberg and
               Omer Levy},
  title     = {word2vec Explained: deriving Mikolov et al.'s negative-sampling word-embedding
               method},
  journal   = {Computing Research Repository},
  volume    = {abs/1402.3722},
  year      = {2014},
  url       = {http://arxiv.org/abs/1402.3722},
  timestamp = {Wed, 05 Mar 2014 14:43:44 +0100},
  biburl    = {http://dblp.uni-trier.de/rec/bib/journals/corr/GoldbergL14},
  bibsource = {dblp computer science bibliography, http://dblp.org}
}
